@article{gu2014cost,
  title={Cost minimization for big data processing in geo-distributed data centers},
  author={Gu, Lin and Zeng, Deze and Li, Peng and Guo, Song},
  year={2014},
  publisher={IEEE}
}

@inproceedings{agarwal2010volley,
  title={Volley: Automated Data Placement for Geo-Distributed Cloud Services.},
  author={Agarwal, Sharad and Dunagan, John and Jain, Navendu and Saroiu, Stefan and Wolman, Alec and Bhogan, Harbinder},
  booktitle={NSDI},
  pages={17--32},
  year={2010}
}

@article{yu2015energy,
  title={Energy cost minimization for distributed internet data centers in smart microgrids considering power outages},
  author={Yu, Liang and Jiang, Tao and Cao, Yang},
  year={2015},
  publisher={IEEE}
}

@inproceedings{ren2013coca,
  title={COCA: Online distributed resource management for cost minimization and carbon neutrality in data centers},
  author={Ren, Shaolei and He, Yuxiong},
  booktitle={Proceedings of the International Conference on High Performance Computing, Networking, Storage and Analysis},
  pages={39},
  year={2013},
  organization={ACM}
}

@inproceedings{li2014coordinating,
  title={Coordinating Liquid and Free Air Cooling with Workload Allocation for Data Center Power Minimization},
  author={Li, Li},
  booktitle={11th International Conference on Autonomic Computing (ICAC 14)},
  year={2014},
  organization={USENIX Association}
}

@article{sullivan2002alternating,
  title={Alternating Cold and Hot Aisles Provides More Reliable Cooling for Server Farms,‚Äù a White Paper From the Uptime Institute},
  author={Sullivan, RF},
  journal={Incorporated, Santa Fe, NM},
  year={2002}
}


@inproceedings{patel2003smart,
  title={Smart cooling of data centers},
  author={Patel, Chandrakant D and Bash, Cullen E and Sharma, Ratnesh and Beitelmal, Monem and Friedrich, Rich},
  booktitle={ASME 2003 International Electronic Packaging Technical Conference and Exhibition},
  pages={129--137},
  year={2003},
  organization={American Society of Mechanical Engineers}
}

@article{sawyer2004calculating,
  title={Calculating total power requirements for data centers},
  author={Sawyer, Richard},
  journal={White Paper, American Power Conversion},
  year={2004}
}

@INPROCEEDINGS{TempLDBSC11,
        author = "Osman Sarood and Laxmikant V.~Kal{\'e}",
        title = "A `Cool' Load Balancer for Parallel Applications",
        booktitle = "Proceedings of the 2011 ACM/IEEE conference on Supercomputing",
        month = "November",
        year = "2011",
        address = "Seattle, WA",
}

@inproceedings{tang2007thermal,
  title={Thermal-aware task scheduling for data centers through minimizing heat recirculation},
  author={Tang, Qinghui and Gupta, Sandeep KS and Varsamopoulos, Georgios},
  booktitle={Cluster Computing, 2007 IEEE International Conference on},
  pages={129--138},
  year={2007},
  organization={IEEE}
}

@inproceedings{chen2010integrated,
  title={Integrated management of application performance, power and cooling in data centers},
  author={Chen, Yuan and Gmach, Daniel and Hyser, Chris and Wang, Zhikui and Bash, Cullen and Hoover, Christopher and Singhal, Sharad},
  booktitle={Network Operations and Management Symposium (NOMS), 2010 IEEE},
  pages={615--622},
  year={2010},
  organization={IEEE}
}

@inproceedings{liu2012renewable,
  title={Renewable and cooling aware workload management for sustainable data centers},
  author={Liu, Zhenhua and Chen, Yuan and Bash, Cullen and Wierman, Adam and Gmach, Daniel and Wang, Zhikui and Marwah, Manish and Hyser, Chris},
  booktitle={ACM SIGMETRICS Performance Evaluation Review},
  volume={40},
  number={1},
  pages={175--186},
  year={2012},
  organization={ACM}
}

@inproceedings{pakbaznia2009minimizing,
  title={Minimizing data center cooling and server power costs},
  author={Pakbaznia, Ehsan and Pedram, Massoud},
  booktitle={Proceedings of the 2009 ACM/IEEE international symposium on Low power electronics and design},
  pages={145--150},
  year={2009},
  organization={ACM}
}

@article{leverich2010energy,
  title={On the energy (in) efficiency of hadoop clusters},
  author={Leverich, Jacob and Kozyrakis, Christos},
  journal={ACM SIGOPS Operating Systems Review},
  volume={44},
  number={1},
  pages={61--65},
  year={2010},
  publisher={ACM}
}

@inproceedings{cui2014shadows,
  title={Shadows on the Cloud: An energy-aware, profit maximizing resilience framework for cloud computing},
  author={Cui, Xiaolong and Mills, Bryan and Znati, Taieb and Melhem, Rami},
  booktitle={International Conference on Cloud Computing and Services Science, CLOSER},
  year={2014}
}

@article{rodero2012energy,
  title={Energy-efficient thermal-aware autonomic management of virtualized HPC cloud infrastructure},
  author={Rodero, Ivan and Viswanathan, Hariharasudhan and Lee, Eun Kyung and Gamell, Marc and Pompili, Dario and Parashar, Manish},
  journal={Journal of Grid Computing},
  volume={10},
  number={3},
  pages={447--473},
  year={2012},
  publisher={Springer}
}

@inproceedings{guenter2011managing,
  title={Managing cost, performance, and reliability tradeoffs for energy-aware server provisioning},
  author={Guenter, Brian and Jain, Navendu and Williams, Charles},
  booktitle={INFOCOM, 2011 Proceedings IEEE},
  pages={1332--1340},
  year={2011},
  organization={IEEE}
}

@inproceedings{goiri2011greenslot,
  title={Greenslot: scheduling energy consumption in green datacenters},
  author={Goiri, {\'I}{\~n}igo and Le, Kien and Haque, Md E and Beauchea, Ryan and Nguyen, Thu D and Guitart, Jordi and Torres, Jordi and Bianchini, Ricardo},
  booktitle={Proceedings of 2011 International Conference for High Performance Computing, Networking, Storage and Analysis},
  pages={20},
  year={2011},
  organization={ACM}
}

