@article{gu2014cost,
  title={Cost minimization for big data processing in geo-distributed data centers},
  author={Gu, Lin and Zeng, Deze and Li, Peng and Guo, Song},
  year={2014},
  publisher={IEEE}
}

@inproceedings{agarwal2010volley,
  title={Volley: Automated Data Placement for Geo-Distributed Cloud Services.},
  author={Agarwal, Sharad and Dunagan, John and Jain, Navendu and Saroiu, Stefan and Wolman, Alec and Bhogan, Harbinder},
  booktitle={NSDI},
  pages={17--32},
  year={2010}
}

@article{yu2015energy,
  title={Energy cost minimization for distributed internet data centers in smart microgrids considering power outages},
  author={Yu, Liang and Jiang, Tao and Cao, Yang},
  year={2015},
  publisher={IEEE}
}

@inproceedings{ren2013coca,
  title={COCA: Online distributed resource management for cost minimization and carbon neutrality in data centers},
  author={Ren, Shaolei and He, Yuxiong},
  booktitle={Proceedings of the International Conference on High Performance Computing, Networking, Storage and Analysis},
  pages={39},
  year={2013},
  organization={ACM}
}

@inproceedings{li2014coordinating,
  title={Coordinating Liquid and Free Air Cooling with Workload Allocation for Data Center Power Minimization},
  author={Li, Li},
  booktitle={11th International Conference on Autonomic Computing (ICAC 14)},
  year={2014},
  organization={USENIX Association}
}

@article{sullivan2002alternating,
  title={Alternating Cold and Hot Aisles Provides More Reliable Cooling for Server Farms,? a White Paper From the Uptime Institute},
  author={Sullivan, RF},
  journal={Incorporated, Santa Fe, NM},
  year={2002}
}


@inproceedings{patel2003smart,
  title={Smart cooling of data centers},
  author={Patel, Chandrakant D and Bash, Cullen E and Sharma, Ratnesh and Beitelmal, Monem and Friedrich, Rich},
  booktitle={ASME 2003 International Electronic Packaging Technical Conference and Exhibition},
  pages={129--137},
  year={2003},
  organization={American Society of Mechanical Engineers}
}

@article{sawyer2004calculating,
  title={Calculating total power requirements for data centers},
  author={Sawyer, Richard},
  journal={White Paper, American Power Conversion},
  year={2004}
}

@INPROCEEDINGS{TempLDBSC11,
        author = "Osman Sarood and Laxmikant V.~Kal{\'e}",
        title = "A `Cool' Load Balancer for Parallel Applications",
        booktitle = "Proceedings of the 2011 ACM/IEEE conference on Supercomputing",
        month = "November",
        year = "2011",
        address = "Seattle, WA",
}

@inproceedings{tang2007thermal,
  title={Thermal-aware task scheduling for data centers through minimizing heat recirculation},
  author={Tang, Qinghui and Gupta, Sandeep KS and Varsamopoulos, Georgios},
  booktitle={Cluster Computing, 2007 IEEE International Conference on},
  pages={129--138},
  year={2007},
  organization={IEEE}
}

@inproceedings{chen2010integrated,
  title={Integrated management of application performance, power and cooling in data centers},
  author={Chen, Yuan and Gmach, Daniel and Hyser, Chris and Wang, Zhikui and Bash, Cullen and Hoover, Christopher and Singhal, Sharad},
  booktitle={Network Operations and Management Symposium (NOMS), 2010 IEEE},
  pages={615--622},
  year={2010},
  organization={IEEE}
}

@inproceedings{liu2012renewable,
  title={Renewable and cooling aware workload management for sustainable data centers},
  author={Liu, Zhenhua and Chen, Yuan and Bash, Cullen and Wierman, Adam and Gmach, Daniel and Wang, Zhikui and Marwah, Manish and Hyser, Chris},
  booktitle={ACM SIGMETRICS Performance Evaluation Review},
  volume={40},
  number={1},
  pages={175--186},
  year={2012},
  organization={ACM}
}

@inproceedings{pakbaznia2009minimizing,
  title={Minimizing data center cooling and server power costs},
  author={Pakbaznia, Ehsan and Pedram, Massoud},
  booktitle={Proceedings of the 2009 ACM/IEEE international symposium on Low power electronics and design},
  pages={145--150},
  year={2009},
  organization={ACM}
}

@article{leverich2010energy,
  title={On the energy (in) efficiency of hadoop clusters},
  author={Leverich, Jacob and Kozyrakis, Christos},
  journal={ACM SIGOPS Operating Systems Review},
  volume={44},
  number={1},
  pages={61--65},
  year={2010},
  publisher={ACM}
}

@inproceedings{cui2014shadows,
  title={Shadows on the Cloud: An energy-aware, profit maximizing resilience framework for cloud computing},
  author={Cui, Xiaolong and Mills, Bryan and Znati, Taieb and Melhem, Rami},
  booktitle={International Conference on Cloud Computing and Services Science, CLOSER},
  year={2014}
}

@article{rodero2012energy,
  title={Energy-efficient thermal-aware autonomic management of virtualized HPC cloud infrastructure},
  author={Rodero, Ivan and Viswanathan, Hariharasudhan and Lee, Eun Kyung and Gamell, Marc and Pompili, Dario and Parashar, Manish},
  journal={Journal of Grid Computing},
  volume={10},
  number={3},
  pages={447--473},
  year={2012},
  publisher={Springer}
}

@inproceedings{guenter2011managing,
  title={Managing cost, performance, and reliability tradeoffs for energy-aware server provisioning},
  author={Guenter, Brian and Jain, Navendu and Williams, Charles},
  booktitle={INFOCOM, 2011 Proceedings IEEE},
  pages={1332--1340},
  year={2011},
  organization={IEEE}
}

@inproceedings{goiri2011greenslot,
  title={Greenslot: scheduling energy consumption in green datacenters},
  author={Goiri, {\'I}{\~n}igo and Le, Kien and Haque, Md E and Beauchea, Ryan and Nguyen, Thu D and Guitart, Jordi and Torres, Jordi and Bianchini, Ricardo},
  booktitle={Proceedings of 2011 International Conference for High Performance Computing, Networking, Storage and Analysis},
  pages={20},
  year={2011},
  organization={ACM}
}

@article{beitch2010rain,
  title={Rain: A workload generation toolkit for cloud computing applications},
  author={Beitch, Aaron and Liu, Brandon and Yung, Timothy and Griffith, Rean and Fox, Armando and Patterson, David A},
  journal={Electrical Engineering and Computer Sciences University of California at Berkeley, White paper UCB/EECS-2010-14},
  year={2010}
}

@inproceedings{wang2011towards,
  title={Towards synthesizing realistic workload traces for studying the hadoop ecosystem},
  author={Wang, Guanying and Butt, Ali Raza and Monti, Henry and Gupta, Karan},
  booktitle={Modeling, Analysis \& Simulation of Computer and Telecommunication Systems (MASCOTS), 2011 IEEE 19th International Symposium on},
  pages={400--408},
  year={2011},
  organization={IEEE}
}

@article{urdaneta2009wikipedia,
  title={Wikipedia workload analysis for decentralized hosting},
  author={Urdaneta, Guido and Pierre, Guillaume and Van Steen, Maarten},
  journal={Computer Networks},
  volume={53},
  number={11},
  pages={1830--1845},
  year={2009},
  publisher={Elsevier}
}

@misc{yahootrace,
  title = {Computing system data},
  howpublished = {\url{http://webscope.sandbox.yahoo.com/catalog.php?datatype=s}},
  note = {Accessed: 2015-3-30}
}

@inproceedings{chapin1999benchmarks,
  title={Benchmarks and standards for the evaluation of parallel job schedulers},
  author={Chapin, Steve J and Cirne, Walfredo and Feitelson, Dror G and Jones, James Patton and Leutenegger, Scott T and Schwiegelshohn, Uwe and Smith, Warren and Talby, David},
  booktitle={Job Scheduling Strategies for Parallel Processing},
  pages={67--90},
  year={1999},
  organization={Springer}
}

@misc{googletracedata,
  title = {Google Cluster Data},
  howpublished = {\url{https://code.google.com/p/googleclusterdata/}},
  note = {Accessed: 2015-3-30}
}

@misc{googlelocation,
  title = {Google data center locations},
  howpublished = {\url{http://www.google.com/about/datacenters/inside/locations/index.html}},
  note = {Accessed: 2015-3-30}
}



@article{mishra2010towards,
  title={Towards characterizing cloud backend workloads: insights from google compute clusters},
  author={Mishra, Asit K and Hellerstein, Joseph L and Cirne, Walfredo and Das, Chita R},
  journal={ACM SIGMETRICS Performance Evaluation Review},
  volume={37},
  number={4},
  pages={34--41},
  year={2010},
  publisher={ACM}
}

@inproceedings{reiss2012heterogeneity,
  title={Heterogeneity and dynamicity of clouds at scale: Google trace analysis},
  author={Reiss, Charles and Tumanov, Alexey and Ganger, Gregory R and Katz, Randy H and Kozuch, Michael A},
  booktitle={Proceedings of the Third ACM Symposium on Cloud Computing},
  pages={7},
  year={2012},
  organization={ACM}
}

@misc{climatedata,
  title = {National climate data center},
  howpublished = {\url{http://www.ncdc.noaa.gov}},
  note = {Accessed: 2015-3-30}
}

@misc{elecusa,
  title = {Federal Energy Regulatory Commission},
  howpublished = {\url{http://www.ferc.gov/industries/ electric/indus-act/rto.asp}},
  note = {Accessed: 2015-3-30}
}

@misc{elecgermany,
  title = {EPEX SPOT},
  howpublished = {\url{http://www.epexspot.com/}},
  note = {Accessed: 2015-3-30}
}


@article{contreras2003arima,
  title={ARIMA models to predict next-day electricity prices},
  author={Contreras, Javier and Espinola, Rosario and Nogales, Francisco J and Conejo, Antonio J},
  journal={Power Systems, IEEE Transactions on},
  volume={18},
  number={3},
  pages={1014--1020},
  year={2003},
  publisher={IEEE}
}

@article{aksanli2012utilizing,
  title={Utilizing green energy prediction to schedule mixed batch and service jobs in data centers},
  author={Aksanli, Baris and Venkatesh, Jagannathan and Zhang, Liuyi and Rosing, Tajana},
  journal={ACM SIGOPS Operating Systems Review},
  volume={45},
  number={3},
  pages={53--57},
  year={2012},
  publisher={ACM}
}

@article{garcia2005garch,
  title={A GARCH forecasting model to predict day-ahead electricity prices},
  author={Garcia, Reinaldo C and Contreras, Javier and Van Akkeren, Marco and Garcia, Jo{\~a}o Batista C},
  journal={Power Systems, IEEE Transactions on},
  volume={20},
  number={2},
  pages={867--874},
  year={2005},
  publisher={IEEE}
}

@article{calheiros2011cloudsim,
  title={CloudSim: a toolkit for modeling and simulation of cloud computing environments and evaluation of resource provisioning algorithms},
  author={Calheiros, Rodrigo N and Ranjan, Rajiv and Beloglazov, Anton and De Rose, C{\'e}sar AF and Buyya, Rajkumar},
  journal={Software: Practice and Experience},
  volume={41},
  number={1},
  pages={23--50},
  year={2011},
  publisher={Wiley Online Library}
}


@inproceedings{benini2002day,
  title={Day-ahead market price volatility analysis in deregulated electricity markets},
  author={Benini, Michele and Marracci, Mirko and Pelacchi, Paolo and Venturini, Andrea},
  booktitle={Power engineering Society Summer Meeting, 2002 IEEE},
  volume={3},
  pages={1354--1359},
  year={2002},
  organization={IEEE}
}

@inproceedings{goiri2012greenhadoop,
  title={GreenHadoop: leveraging green energy in data-processing frameworks},
  author={Goiri, {\'I}{\~n}igo and Le, Kien and Nguyen, Thu D and Guitart, Jordi and Torres, Jordi and Bianchini, Ricardo},
  booktitle={Proceedings of the 7th ACM european conference on Computer Systems},
  pages={57--70},
  year={2012},
  organization={ACM}
}
@misc{techniques,
  title = {Efficiency: How others can do it},
  howpublished = {\url{https://www.google.com/about/datacenters/efficiency/external/}},
  note = {Accessed: 2015-3-30}
}

@article{greenberg2008cost,
  title={The cost of a cloud: research problems in data center networks},
  author={Greenberg, Albert and Hamilton, James and Maltz, David A and Patel, Parveen},
  journal={ACM SIGCOMM computer communication review},
  volume={39},
  number={1},
  pages={68--73},
  year={2008},
  publisher={ACM}
}

@misc{nrdcreport,
  title = {America’s Data Centers Consuming Massive and Growing Amounts of Electricity},
  howpublished = {\url{http://www.nrdc.org/media/2014/140826.asp}},
  note = {Accessed: 2015-3-30}
}

@inproceedings{zhou2012optimization,
  title={Optimization and control of cooling microgrids for data centers},
  author={Zhou, Rongliang and Wang, Zhikui and McReynolds, Alan and Bash, Cullen E and Christian, Thomas W and Shih, Rocky},
  booktitle={Thermal and Thermomechanical Phenomena in Electronic Systems (ITherm), 2012 13th IEEE Intersociety Conference on},
  pages={338--343},
  year={2012},
  organization={IEEE}
}

\cite{singelec} \cite{finelec} \cite{uselec}

@misc{singelec,
  title = {Singapore electricity pricing},
  howpublished = {\url{https://www.emcsg.com/marketdata/priceinformation}},
  note = {Accessed: 2015-3-30}
}

@misc{finelec,
  title = {Finland electricity pricing},
  howpublished = {\url{http://www.nordpoolspot.com/Market-data1/Elspot/Area-Prices/ALL1/Hourly/?view=table}},
  note = {Accessed: 2015-3-30}
}

@misc{uselec,
  title = {U.S electricity pricing},
  howpublished = {\url{http://www.eia.gov/electricity/wholesale/}},
  note = {Accessed: 2015-3-30}
}

@article{birke2012data,
  title={Data centers in the wild: A large performance study},
  author={Birke, Robert and Chen, Lydia Y and Smirni, Evgenia},
  journal={Technical Repo},
  number={Z1204-002},
  year={2012}
}

@article{buyya2010energy,
  title={Energy-efficient management of data center resources for cloud computing: A vision, architectural elements, and open challenges},
  author={Buyya, Rajkumar and Beloglazov, Anton and Abawajy, Jemal},
  journal={arXiv preprint arXiv:1006.0308},
  year={2010}
}

@inproceedings{christy2011energy,
  title={Energy efficient free cooling system for data centers},
  author={Christy Sujatha, D and Abimannan, Satheesh},
  booktitle={Cloud Computing Technology and Science (CloudCom), 2011 IEEE Third International Conference on},
  pages={646--651},
  year={2011},
  organization={IEEE}
}

@inproceedings{ahmad2010joint,
  title={Joint optimization of idle and cooling power in data centers while maintaining response time},
  author={Ahmad, Faraz and Vijaykumar, TN},
  booktitle={ACM Sigplan Notices},
  volume={45},
  number={3},
  pages={243--256},
  year={2010},
  organization={ACM}
}

@inproceedings{kamil2008power,
  title={Power efficiency in high performance computing},
  author={Kamil, Shoaib and Shalf, John and Strohmaier, Erich},
  booktitle={Parallel and Distributed Processing, 2008. IPDPS 2008. IEEE International Symposium on},
  pages={1--8},
  year={2008},
  organization={IEEE}
}

@misc{airecoproduct,
  title = {Liebert® DSE™ Precision Cooling System},
  howpublished = {\url{http://www.emersonnetworkpower.com/documentation/en-US/Products/PrecisionCooling/LargeRoomCooling/Documents/SL-18927.pdf}},
  note = {Accessed: 2015-3-30}
}


@misc{sourcecode,
  title = {GeoSim source code},
  howpublished = {\url{https://bitbucket.org/anirudhnair/geosched}},
  note = {Accessed: 2015-5-10}
}